%% This BibTeX bibliography file was created using BibDesk.
%% http://bibdesk.sourceforge.net/


%% Created for Ming Yang at 2014-10-22 11:02:40 -0500 


%% Saved with string encoding Unicode (UTF-8) 



@article{farcomeni2014longitudinal,
	Author = {Farcomeni, Alessio and Viviani, Sara},
	Date-Added = {2014-10-22 16:01:48 +0000},
	Date-Modified = {2014-10-22 16:01:48 +0000},
	Journal = {arXiv preprint arXiv:1404.1175},
	Title = {Longitudinal quantile regression in presence of informative drop-out through longitudinal-survival joint modeling},
	Year = {2014}}
