%% This BibTeX bibliography file was created using BibDesk.
%% http://bibdesk.sourceforge.net/


%% Created for Ming Yang at 2014-10-24 09:24:09 -0500 


%% Saved with string encoding Unicode (UTF-8) 



@article{bender2005generating,
	Author = {Bender, Ralf and Augustin, Thomas and Blettner, Maria},
	Date-Added = {2014-10-24 14:24:08 +0000},
	Date-Modified = {2014-10-24 14:24:08 +0000},
	Journal = {Statistics in medicine},
	Number = {11},
	Pages = {1713--1723},
	Publisher = {Wiley Online Library},
	Title = {Generating survival times to simulate Cox proportional hazards models},
	Volume = {24},
	Year = {2005}}

@article{farcomeni2014longitudinal,
	Author = {Farcomeni, Alessio and Viviani, Sara},
	Date-Added = {2014-10-22 16:01:48 +0000},
	Date-Modified = {2014-10-22 16:01:48 +0000},
	Journal = {arXiv preprint arXiv:1404.1175},
	Title = {Longitudinal quantile regression in presence of informative drop-out through longitudinal-survival joint modeling},
	Year = {2014}}
